@book{bishop,
  title={Pattern recognition and machine learning},
  author={Bishop, Christopher M},
  year={2006},
  publisher={springer}
}

@article{shannon1948,
  title={A mathematical theory of communication, Part I, Part II},
  author={Shannon, Claude E},
  journal={Bell Syst. Tech. J.},
  volume={27},
  pages={623--656},
  year={1948}
}

@article{kullback1951,
  title={On information and sufficiency},
  author={Kullback, Solomon and Leibler, Richard A},
  journal={The annals of mathematical statistics},
  volume={22},
  number={1},
  pages={79--86},
  year={1951},
  publisher={JSTOR}
}

@article{tran2016,
  author = {Dustin Tran and Alp Kucukelbir and Adji B. Dieng and Maja Rudolph and Dawen Liang and David M. Blei},
  title = {{Edward: A library for probabilistic modeling, inference, and criticism}},
  journal = {arXiv preprint arXiv:1610.09787},
  year = {2016}
}

@article{xiong2011,
  title={Bayesian prediction of tissue-regulated splicing using RNA sequence and cellular context},
  author={Xiong, Hui Yuan and Barash, Yoseph and Frey, Brendan J},
  journal={Bioinformatics},
  volume={27},
  number={18},
  pages={2554--2562},
  year={2011},
  publisher={Oxford University Press}
}

@techreport{box1982,
  title={An Apology for Ecumenism in Statistics.},
  author={Box, George EP},
  year={1982},
  institution={WISCONSIN UNIV-MADISON MATHEMATICS RESEARCH CENTER}
}

@inproceedings{ranganath2014,
  title={Black box variational inference},
  author={Ranganath, Rajesh and Gerrish, Sean and Blei, David},
  booktitle={Artificial Intelligence and Statistics},
  pages={814--822},
  year={2014}
}